@misc{script,
  title     = {Elektrische Energietechnik},
  author    = {Michael Nast},
  pagetotal = {156},
  year      = {2016}
}

